

@article{dongarra2000guest,
  title={Guest editors? introduction: The top 10 algorithms},
  author={Dongarra, Jack and Sullivan, Francis},
  journal={Computing in Science \& Engineering},
  volume={2},
  number={1},
  pages={22--23},
  year={2000},
  publisher={IEEE}
}

@misc{CooleyT59:online,
author = {},
title = {Cooley?Tukey FFT algorithm - Wikipedia},
howpublished = {\url{https://en.wikipedia.org/wiki/Cooley%E2%80%93Tukey_FFT_algorithm}},
month = {},
year = {},
note = {(Accessed on 05/06/2018)}
}

@article{cochran1967fast,
  title={What is the fast Fourier transform?},
  author={Cochran, William T and Cooley, James W and Favin, David L and Helms, Howard D and Kaenel, Reginald A and Lang, William W and Maling, George C and Nelson, David E and Rader, Charles M and Welch, Peter D},
  journal={Proceedings of the IEEE},
  volume={55},
  number={10},
  pages={1664--1674},
  year={1967},
  publisher={IEEE}
}